@article{chang2015application,
  title={Application of Word Embeddings in Biomedical Named Entity Recognition Tasks.},
  author={Chang, FX and Guo, J and Xu, WR and Chung, S Relly},
  journal={Journal of Digital Information Management},
  volume={13},
  number={5},
  year={2015}
}

@article{sentanalysis,
author = {Giatsoglou, Maria and Vozalis, Manolis and Diamantaras, Kostas and Vakali, Athena and Sarigiannidis, George and Chatzisavvas, Kostas},
year = {2017},
month = {03},
pages = {214-224},
title = {Sentiment Analysis Leveraging Emotions and Word Embeddings},
volume = {69},
journal = {Expert Systems with Applications},
doi = {10.1016/j.eswa.2016.10.043}
}

@article{tshitoyan2019unsupervised,
  title={Unsupervised word embeddings capture latent knowledge from materials science literature},
  author={Tshitoyan, Vahe and Dagdelen, John and Weston, Leigh and Dunn, Alexander and Rong, Ziqin and Kononova, Olga and Persson, Kristin A and Ceder, Gerbrand and Jain, Anubhav},
  journal={Nature},
  volume={571},
  number={7763},
  pages={95--98},
  year={2019},
  publisher={Nature Publishing Group}
}

@article{gligorijevic2016large,
  title={Large-scale discovery of disease-disease and disease-gene associations},
  author={Gligorijevic, Djordje and Stojanovic, Jelena and Djuric, Nemanja and Radosavljevic, Vladan and Grbovic, Mihajlo and Kulathinal, Rob J and Obradovic, Zoran},
  journal={Scientific reports},
  volume={6},
  number={1},
  pages={1--12},
  year={2016},
  publisher={Nature Publishing Group}
}

@inproceedings{grbovic2018real,
  title={Real-time personalization using embeddings for search ranking at airbnb},
  author={Grbovic, Mihajlo and Cheng, Haibin},
  booktitle={Proceedings of the 24th ACM SIGKDD International Conference on Knowledge Discovery \& Data Mining},
  pages={311--320},
  year={2018}
}

@misc{peters2018deep,
    title={Deep contextualized word representations},
    author={Matthew E. Peters and Mark Neumann and Mohit Iyyer and Matt Gardner and Christopher Clark and Kenton Lee and Luke Zettlemoyer},
    year={2018},
    eprint={1802.05365},
    archivePrefix={arXiv},
    primaryClass={cs.CL}
}

@misc{devlin2018bert,
    title={BERT: Pre-training of Deep Bidirectional Transformers for Language Understanding},
    author={Jacob Devlin and Ming-Wei Chang and Kenton Lee and Kristina Toutanova},
    year={2018},
    eprint={1810.04805},
    archivePrefix={arXiv},
    primaryClass={cs.CL}
}

@INPROCEEDINGS{7860236,  author={A. {Ahmad} and M. R. {Amin}},  booktitle={2016 19th International Conference on Computer and Information Technology (ICCIT)},  title={Bengali word embeddings and it's application in solving document classification problem},   year={2016},  volume={},  number={},  pages={425-430},}
@misc{memood2020precisely,
    title={A Precisely Xtreme-Multi Channel Hybrid Approach For Roman Urdu Sentiment Analysis},
    author={Faiza Memood and Muhammad Usman Ghani and Muhammad Ali Ibrahim and Rehab Shehzadi and Muhammad Nabeel Asim},
    year={2020},
    eprint={2003.05443},
    archivePrefix={arXiv},
    primaryClass={cs.CL}
}

@misc{mikolov2013distributed,
    title={Distributed Representations of Words and Phrases and their Compositionality},
    author={Tomas Mikolov and Ilya Sutskever and Kai Chen and Greg Corrado and Jeffrey Dean},
    year={2013},
    eprint={1310.4546},
    archivePrefix={arXiv},
    primaryClass={cs.CL}
}

@inproceedings{alam2017sequence,
  title={Sequence to sequence networks for Roman-Urdu to Urdu transliteration},
  author={Alam, Mehreen and ul Hussain, Sibt},
  booktitle={2017 International Multi-topic Conference (INMIC)},
  pages={1--7},
  year={2017},
  organization={IEEE}
}

@inproceedings{pennington2014glove,
  title={Glove: Global vectors for word representation},
  author={Pennington, Jeffrey and Socher, Richard and Manning, Christopher D},
  booktitle={Proceedings of the 2014 conference on empirical methods in natural language processing (EMNLP)},
  pages={1532--1543},
  year={2014}
}

@misc{arm2016bag,
    title={Bag of Tricks for Efficient Text Classification},
    author={Armand Joulin and Edouard Grave and Piotr Bojanowski and Tomas Mikolov},
    year={2016},
    eprint={1607.01759},
    archivePrefix={arXiv},
    primaryClass={cs.CL}
}

@misc{khan2020clustering,
    title={A Clustering Framework for Lexical Normalization of Roman Urdu},
    author={Abdul Rafae Khan and Asim Karim and Hassan Sajjad and Faisal Kamiran and Jia Xu},
    year={2020},
    eprint={2004.00088},
    archivePrefix={arXiv},
    primaryClass={cs.CL}
}

@inproceedings{pourdamghani2018using,
  title={Using word vectors to improve word alignments for low resource machine translation},
  author={Pourdamghani, Nima and Ghazvininejad, Marjan and Knight, Kevin},
  booktitle={Proceedings of the 2018 Conference of the North American Chapter of the Association for Computational Linguistics: Human Language Technologies, Volume 2 (Short Papers)},
  pages={524--528},
  year={2018}
}

@misc{hill2014simlex999,
    title={SimLex-999: Evaluating Semantic Models with (Genuine) Similarity Estimation},
    author={Felix Hill and Roi Reichart and Anna Korhonen},
    year={2014},
    eprint={1408.3456},
    archivePrefix={arXiv},
    primaryClass={cs.CL}
}

@inproceedings{haider2018urdu,
  title={Urdu Word Embeddings},
  author={Haider, Samar},
  booktitle={Proceedings of the Eleventh International Conference on Language Resources and Evaluation (LREC 2018)},
  year={2018}
}

@inproceedings{bhat2016house,
  title={A house united: Bridging the script and lexical barrier between hindi and urdu},
  author={Bhat, Riyaz Ahmad and Bhat, Irshad and Jain, Naman and Sharma, Dipti Misra},
  booktitle={Proceedings of COLING 2016, the 26th International Conference on Computational Linguistics: Technical Papers},
  pages={397--408},
  year={2016}
}

@article{shahid2019rewriter,
  title={A Rewriter Model for Urdu Document Concision with Neural Word Embeddings},
  author={Shahid, Maida and Saleem, Summra and Dilawari, Aniqa and Khan, Usman Ghani},
  journal={Urdu News Headline, Text Classification by Using Different Machine Learning Algorithms},
  pages={39},
  year={2019}
}

@article{khan2019deep,
  title={Deep recurrent neural networks with word embeddings for Urdu named entity recognition},
  author={Khan, Wahab and Daud, Ali and Alotaibi, Fahd and Aljohani, Naif and Arafat, Sachi},
  journal={ETRI Journal},
  year={2019},
  publisher={Wiley Online Library}
}

@article{Pembeci2016UsingWE,
  title={Using Word Embeddings for Ontology Enrichment},
  author={Izzet Pembeci},
  journal={International Journal of Intelligent Systems and Applications in Engineering},
  year={2016},
  volume={4},
  pages={49-56}
}

@article{RoyPMG16,
  author    = {Dwaipayan Roy and
               Debjyoti Paul and
               Mandar Mitra and
               Utpal Garain},
  title     = {Using Word Embeddings for Automatic Query Expansion},
  journal   = {CoRR},
  volume    = {abs/1606.07608},
  year      = {2016},
  url       = {http://arxiv.org/abs/1606.07608},
  archivePrefix = {arXiv},
  eprint    = {1606.07608},
  timestamp = {Mon, 13 Aug 2018 16:48:29 +0200},
  biburl    = {https://dblp.org/rec/journals/corr/RoyPMG16.bib},
  bibsource = {dblp computer science bibliography, https://dblp.org}
}

@article{RaoS16,
  author    = {Adithya Rao and
               Nemanja Spasojevic},
  title     = {Actionable and Political Text Classification using Word Embeddings
               and {LSTM}},
  journal   = {CoRR},
  volume    = {abs/1607.02501},
  year      = {2016},
  url       = {http://arxiv.org/abs/1607.02501},
  archivePrefix = {arXiv},
  eprint    = {1607.02501},
  timestamp = {Mon, 13 Aug 2018 16:47:59 +0200},
  biburl    = {https://dblp.org/rec/journals/corr/RaoS16.bib},
  bibsource = {dblp computer science bibliography, https://dblp.org}
}

@inproceedings{10.1145/2964284.2964299,
author = {Wang, Cheng and Yang, Haojin and Bartz, Christian and Meinel, Christoph},
title = {Image Captioning with Deep Bidirectional LSTMs},
year = {2016},
isbn = {9781450336031},
publisher = {Association for Computing Machinery},
address = {New York, NY, USA},
url = {https://doi.org/10.1145/2964284.2964299},
doi = {10.1145/2964284.2964299},
booktitle = {Proceedings of the 24th ACM International Conference on Multimedia},
pages = {988–997},
numpages = {10},
keywords = {deep learning, LSTM, visual-language, image captioning},
location = {Amsterdam, The Netherlands},
series = {MM ’16}
}
  
@inproceedings{ahmad2016bengali,
  title={Bengali word embeddings and it's application in solving document classification problem},
  author={Ahmad, Adnan and Amin, Mohammad Ruhul},
  booktitle={2016 19th International Conference on Computer and Information Technology (ICCIT)},
  pages={425--430},
  year={2016},
  organization={IEEE}
}

@INPROCEEDINGS{7841054,  author={A. A. {Altowayan} and L. {Tao}},  booktitle={2016 IEEE International Conference on Big Data (Big Data)},  title={Word embeddings for Arabic sentiment analysis},   year={2016},  volume={},  number={},  pages={3820-3825},}

@misc{lan2019albert,
    title={ALBERT: A Lite BERT for Self-supervised Learning of Language Representations},
    author={Zhenzhong Lan and Mingda Chen and Sebastian Goodman and Kevin Gimpel and Piyush Sharma and Radu Soricut},
    year={2019},
    eprint={1909.11942},
    archivePrefix={arXiv},
    primaryClass={cs.CL}
}

@misc{liu2019roberta,
    title={RoBERTa: A Robustly Optimized BERT Pretraining Approach},
    author={Yinhan Liu and Myle Ott and Naman Goyal and Jingfei Du and Mandar Joshi and Danqi Chen and Omer Levy and Mike Lewis and Luke Zettlemoyer and Veselin Stoyanov},
    year={2019},
    eprint={1907.11692},
    archivePrefix={arXiv},
    primaryClass={cs.CL}
}
